@article{abbm2020,
	title={Stemming Learning Loss During the Pandemic: A Rapid Randomized Trial of a Low-Tech Intervention in Botswana},
	author={Angrist, Noam and Bergman, Peter and Brewster, Caton and Matsheng, Moitshepi},
	journal={Available at SSRN 3663098},
	year={2020}
}

@article{ai1995,
	title={Two-stage least squares estimation of average causal effects in models with variable treatment intensity},
	author={Angrist, Joshua D and Imbens, Guido W},
	journal={Journal of the American statistical Association},
	volume={90},
	number={430},
	pages={431--442},
	year={1995},
	publisher={Taylor \& Francis Group}
}

@incollection{ai2017,
	title={The econometrics of randomized experiments},
	author={Athey, Susan and Imbens, Guido W},
	booktitle={Handbook of economic field experiments},
	volume={1},
	pages={73--140},
	year={2017},
	publisher={Elsevier}
}

@Article{ans2012,
	author={Arulampalam, Wiji and Naylor, Robin A. and Smith, Jeremy},
	title={{Am I missing something? The effects of absence from class on student performance}},
	journal={Economics of Education Review},
	year=2012,
	volume={31},
	number={4},
	pages={363-375},
	publisher={Routledge},
}

@book{ap2008,
  title={Mostly harmless econometrics: An empiricist's companion},
  author={Angrist, Joshua D and Pischke, J{\"o}rn-Steffen},
  year={2008},
  publisher={Princeton university press}
}

@article{atw2019,
	title={Generalized random forests},
	author={Athey, Susan and Tibshirani, Julie and Wager, Stefan and others},
	journal={The Annals of Statistics},
	volume={47},
	number={2},
	pages={1148--1178},
	year={2019},
	publisher={Institute of Mathematical Statistics}
}

@article{aws2015,
  title={Research on teaching economics to undergraduates},
  author={Allgood, Sam and Walstad, William B and Siegfried, John J},
  journal={Journal of Economic Literature},
  volume={53},
  number={2},
  pages={285--325},
  year={2015}
}

@article{bch2014a,
  title={Inference on treatment effects after selection among high-dimensional controls},
  author={Belloni, Alexandre and Chernozhukov, Victor and Hansen, Christian},
  journal={The Review of Economic Studies},
  volume={81},
  number={2},
  pages={608--650},
  year={2014},
  publisher={Oxford University Press}
}

@article{bch2014b,
  title={High-dimensional methods and inference on structural and treatment effects},
  author={Belloni, Alexandre and Chernozhukov, Victor and Hansen, Christian},
  journal={Journal of Economic Perspectives},
  volume={28},
  number={2},
  pages={29--50},
  year={2014}
}

@article{bm2009,
	title={In pursuit of balance: Randomization in practice in development field experiments},
	author={Bruhn, Miriam and McKenzie, David},
	journal={American economic journal: applied economics},
	volume={1},
	number={4},
	pages={200--232},
	year={2009}
}

@article{cannon2011,
	title = {Comment on Chen and Lin â€˜Does Downloading Power-Point Slides Before the Lecture Lead to Better Student Achievement?},
	journal = {International Review of Economics Education},
	volume = {10},
	number = {1},
	pages = {83 - 89},
	year = {2011},
	author = {Edmund Cannon},
	publisher={Elsevier}
}

@article{cgpr2020,
	title = {Using Goals to Motivate College Students: Theory and Evidence From Field Experiments},
	author = {Clark, Damon and Gill, David and Prowse, Victoria and Rush, Mark},
	journal = {The Review of Economics and Statistics},
	volume = {102},
	number = {4},
	pages = {648-663},
	year = {2020},
	publisher = {MIT Press}
}

@article{gi2019,
  title={Why high-order polynomials should not be used in regression discontinuity designs},
  author={Gelman, Andrew and Imbens, Guido},
  journal={Journal of Business \& Economic Statistics},
  volume={37},
  number={3},
  pages={447--456},
  year={2019},
  publisher={Taylor \& Francis}
}

@article{gr2013,
	title = {The Role of Homework in Student Learning Outcomes: Evidence from a Field Experiment},
	author = {Grodner, Andrew and Rupp, Nicholas},
	year = {2013},
	journal = {The Journal of Economic Education},
	volume = {44},
	number = {2},
	pages = {93-109},
	publisher={Routledge}
}

@article{imai2008,
	title={Variance identification and efficiency analysis in randomized experiments under the matched-pair design},
	author={Imai, Kosuke},
	journal={Statistics in medicine},
	volume={27},
	number={24},
	pages={4857--4873},
	year={2008},
	publisher={Wiley Online Library}
}

@article{il2008,
  title={Regression discontinuity designs: A guide to practice},
  author={Imbens, Guido W and Lemieux, Thomas},
  journal={Journal of econometrics},
  volume={142},
  number={2},
  pages={615--635},
  year={2008},
  publisher={Elsevier}
}

@book{ir2015,
	title={Causal inference in statistics, social, and biomedical sciences},
	author={Imbens, Guido W and Rubin, Donald B},
	year={2015},
	publisher={Cambridge University Press}
}

@article{neyman1923,
  title={On the application of probability theory to agricultural experiments: essay on principles, Section 9},
  author={Neyman, J},
  year={1923; translated in 1990},
	journal={Statistical Science},
  volume={5},
  number={4},
  pages={465--472},
  publisher={Institute of Mathematical Statistics}
}

@article{oettinger2002,
	author={Gerald S. Oettinger},
	title={{The Effect Of Nonlinear Incentives On Performance: Evidence From \&quot;Econ 101\&quot;}},
	journal={The Review of Economics and Statistics},
	year={2002},
	volume={84},
	number={3},
	pages={509-517},
	month={8},
	publisher={MIT Press}
}

@article{robinson1988,
	title={Root-N-consistent semiparametric regression},
	author={Robinson, Peter M},
	journal={Econometrica: Journal of the Econometric Society},
	pages={931--954},
	year={1988},
	publisher={JSTOR}
}

@article{savage2009,
	author = {Scott J. Savage},
	title = {The Effect of Information Technology on Economic Education},
	journal = {The Journal of Economic Education},
	volume = {40},
	number = {4},
	pages = {337-353},
	year  = {2009},
	publisher = {Routledge}
}

@article{sns2011,
  title={False-positive psychology: Undisclosed flexibility in data collection and analysis allows presenting anything as significant},
  author={Simmons, Joseph P and Nelson, Leif D and Simonsohn, Uri},
  journal={Psychological science},
  volume={22},
  number={11},
  pages={1359--1366},
  year={2011},
  publisher={Sage Publications Sage CA: Los Angeles, CA}
}

@article{ss2008,
	author={Stinebrickner Ralph and Stinebrickner Todd R.},
	title={{The Causal Effect of Studying on Academic Performance}},
	journal={The B.E. Journal of Economic Analysis \& Policy},
	year={2008},
	volume={8},
	number={1},
	pages={1-55},
	month={6},
	publisher={De Gruyter}
}

@article{tc1960,
  title={Regression-discontinuity analysis: An alternative to the ex post facto experiment.},
  author={Thistlethwaite, Donald L and Campbell, Donald T},
  journal={Journal of Educational psychology},
  volume={51},
  number={6},
  pages={309},
  year={1960},
  publisher={American Psychological Association}
}

@article{wa2018,
	title={Estimation and inference of heterogeneous treatment effects using random forests},
	author={Wager, Stefan and Athey, Susan},
	journal={Journal of the American Statistical Association},
	volume={113},
	number={523},
	pages={1228--1242},
	year={2018},
	publisher={Taylor \& Francis}
}
